@article{greenwade93,
    author  = "George D. Greenwade",
    title   = "The {C}omprehensive {T}ex {A}rchive {N}etwork ({CTAN})",
    year    = "1993",
    journal = "TUGBoat",
    volume  = "14",
    number  = "3",
    pages   = "342--351"
}


@book{Fima,
author = {Klebaner, Fima C},
title = {Introduction to Stochastic Calculus with Applications},
publisher = {IMPERIAL COLLEGE PRESS},
year = {2012},
doi = {10.1142/p821},
address = {},
edition   = {3rd},
URL = {https://www.worldscientific.com/doi/abs/10.1142/p821},
eprint = {https://www.worldscientific.com/doi/pdf/10.1142/p821}
}